@inproceedings{GMW87,
  author    = {Oded Goldreich and
               Silvio Micali and
               Avi Wigderson},
  title     = {How to Play any Mental Game or {A} Completeness Theorem for Protocols
               with Honest Majority},
  booktitle = {{STOC}},
  pages     = {218--229},
  year      = {1987}
}

@book{CodingTheory,
author = {F. J. MacWilliams and N. J. A. Sloane},
title = {{The Theory of Error Correcting Codes}},
publisher = {North-Holland Publishing Company},
year = {1978}
}


@inproceedings{BGW88,
  author    = {Michael Ben{-}Or and
               Shafi Goldwasser and
               Avi Wigderson},
  title     = {Completeness Theorems for Non-Cryptographic Fault-Tolerant Distributed
               Computation (Extended Abstract)},
  booktitle = {{STOC}},
  pages     = {1--10},
  year      = {1988}
}


@inproceedings{SPDZ,
  author    = {Ivan Damg{\aa}rd and
               Valerio Pastro and
               Nigel P. Smart and
               Sarah Zakarias},
  title     = {Multiparty Computation from Somewhat Homomorphic Encryption},
  booktitle = {{CRYPTO}},
  pages     = {643--662},
  year      = {2012}
}



@article{dizk,
  author    = {Howard Wu and
               Wenting Zheng and
               Alessandro Chiesa and
               Raluca Ada Popa and
               Ion Stoica},
  title     = {{DIZK:} {A} Distributed Zero Knowledge Proof System},
  journal   = {{IACR} Cryptology ePrint Archive},
  volume    = {2018},
  pages     = {691},
  year      = {2018},
  url       = {https://eprint.iacr.org/2018/691}
}

@inproceedings{FS86,
  author    = {Amos Fiat and
               Adi Shamir},
  title     = {How to Prove Yourself: Practical Solutions to Identification and Signature
               Problems},
  booktitle = {{CRYPTO}},
  pages     = {186--194},
  year      = {1986}
}

@inproceedings{diogenes,
	author = {Megan Chen and Carmit Hazay and Yuval Ishai and Y Kashnikov and Daniele Micciancio and T Riviere and abhi shelat and Muthuramakrishnan Venkitasubramaniam and R Wang},
	title = {Diogenes: Lightweight Scalable RSA Modulus Generation with a Dishonest Majority},
	booktitle = {{SBC}},
	year = {2020}
}

@misc{bitcoin,
	author = {Satoshi Nakamoto},
	title = {Bitcoin: A Peer-to-Peer Electronic Cash System},
	year = {2008}
}

@misc{ethereum,
	author = {Vitalik Buterin},
	title = {Ethereum},
	year = {2013}
}


@misc{e2open,
	author = {E2open},
	title = {Strategic Digital Supply Chain},
	howpublished = {\url{https://www.e2open.com/}}
}


@misc{scbn,
	author = {IBM},
	title = {Sterling Supply Chain Business Network},
	howpublished = {\url{https://www.ibm.com/in-en/products/supply-chain-business-network}}
}


@misc{tradelens,
	author = {Tradelens},
	title = {Digitizing global supply chains},
	howpublished = {\url{https://www.tradelens.com/}}
}


@misc{MozillaPrio,
	author = {Steven Englehardt},
	title = {Privacy-preserving Mozilla Telemetry with Prio},
  	howpublished = {\url{https://blog.mozilla.org/security/2019/06/06/next-steps-in-privacy-preserving-telemetry-with-prio/}}
}

@article{Ped92,
  title={Distributed provers and verifiable secret sharing based on the discrete logarithm problem},
  author={Pedersen, Torben Pryds},
  journal={DAIMI Report Series},
  volume={21},
  number={388},
  year={1992},
  note={PhD Thesis}
}

@inproceedings{EfficientTZ,
  author    = {Marcel Keller and
               Gert L{\ae}ss{\o}e Mikkelsen and
               Andy Rupp},
  title     = {Efficient Threshold Zero-Knowledge with Applications to User-Centric
               Protocols},
  booktitle = {{ICITS}},
  pages     = {147--166},
  year      = {2012}
}




@article{DARK19,
  author    = "Benedikt B{\"{u}}nz and
               Ben Fisch and
               Alan Szepieniec",
  title     = "Transparent SNARKs from {DARK} Compilers",
  journal   = "{IACR} Cryptology ePrint Archive",
  volume    = "2019",
  pages     = "1229",
  year      = "2019",
  url       = {\url{https://eprint.iacr.org/2019/1229}}
}



@InProceedings{Trinocchio,
	author="Schoenmakers, Berry
	and Veeningen, Meilof
	and de Vreede, Niels",
	editor="Manulis, Mark
	and Sadeghi, Ahmad-Reza
	and Schneider, Steve",
	title="Trinocchio: Privacy-Preserving Outsourcing by Distributed Verifiable Computation",
	booktitle="ACNS",
	year="2016",
	pages="346--366"
}


@inproceedings{KZG10,
  author    = {Aniket Kate and
               Gregory M. Zaverucha and
               Ian Goldberg},
  title     = {Constant-Size Commitments to Polynomials and Their Applications},
  booktitle = {{ASIACRYPT}},
  pages     = {177--194},
  year      = {2010}
}



@inproceedings{DDS,
	author    = {Torben P. Pedersen},
	title     = {Distributed Provers with Applications to Undeniable Signatures},
	booktitle = {{EUROCRYPT}},
	pages     = {221--242},
	year      = {1991}
}



@article{sumcheck,
	author    = {Alessandro Chiesa and
	Michael A. Forbes and
	Nicholas Spooner},
	title     = {A Zero Knowledge Sumcheck and its Applications},
	journal   = {CoRR},
	volume    = {abs/1704.02086},
	year      = {2017},
	url       = {http://arxiv.org/abs/1704.02086},
	archivePrefix = {arXiv},
	eprint    = {1704.02086}
}



@inproceedings{Kilian1992,
 author = {Kilian, Joe},
 title = {A Note on Efficient Zero-knowledge Proofs and Arguments (Extended Abstract)},
 booktitle = {STOC},
 year = {1992},
 pages = {723--732}
}

@inproceedings{sonic,
	author    = {Mary Maller and
	Sean Bowe and
	Markulf Kohlweiss and
	Sarah Meiklejohn},
	title     = {Sonic: Zero-Knowledge SNARKs from Linear-Size Universal and Updatable
	Structured Reference Strings},
	booktitle = {{CCS}},
	pages     = {2111--2128},
	year      = {2019}
}


@misc{libra,
	author = {Tiancheng Xie and Jiaheng Zhang and Yupeng Zhang and Charalampos Papamanthou and Dawn Song},
	title = {Libra: Succinct Zero-Knowledge Proofs with Optimal Prover Computation},
	howpublished = {Cryptology ePrint Archive, Report 2019/317},
	year = {2019},
	note = {\url{https://eprint.iacr.org/2019/317}},
}

@misc{supersonic,
	author = {Benedikt BÃ¼nz and Ben Fisch and Alan Szepieniec},
	title = {Transparent SNARKs from DARK Compilers},
	howpublished = {Cryptology ePrint Archive, Report 2019/1229},
	year = {2019},
	note = {\url{https://eprint.iacr.org/2019/1229}},
}


@inproceedings{zerocash,
 author = {Sasson, Eli Ben and Chiesa, Alessandro and Garman, Christina and Green, Matthew and Miers, Ian and Tromer, Eran and Virza, Madars},
 title = {Zerocash: Decentralized Anonymous Payments from Bitcoin},
 booktitle = {{IEEE SP}},
 year = {2014},
 isbn = {978-1-4799-4686-0},
 pages = {459--474}
}
 
@misc{zerocashext,
    author = {Eli Ben-Sasson and Alessandro Chiesa and Christina Garman and Matthew Green and Ian Miers and Eran Tromer and Madars Virza},
    title = {Zerocash: Decentralized Anonymous Payments from Bitcoin},
    howpublished = {Cryptology ePrint Archive, Report 2014/349},
    year = {2014},
}


@inproceedings{ligero,
 author = {Ames, Scott and Hazay, Carmit and Ishai, Yuval and Venkitasubramaniam, Muthuramakrishnan},
 title = {Ligero: Lightweight Sublinear Arguments Without a Trusted Setup},
 booktitle = {{CCS}},
 year = {2017},
 pages = {2087--2104}
}

@inproceedings{pinnochio_PHGR,
  title={Pinocchio: Nearly practical verifiable computation},
  author={Parno, Bryan and Howell, Jon and Gentry, Craig and Raykova, Mariana},
  booktitle={{IEEE SP}},
  pages={238--252},
  year={2013},
  organization={IEEE}
}

@inproceedings{Geppetto,
 author = {Costello, Craig and Fournet, C{\'e}dric and Howell, Jon and Kohlweiss, Markulf and Kreuter, Benjamin and Naehrig, Michael and Parno, Bryan and Zahur, Samee},
 title = {Geppetto: Versatile Verifiable Computation},
 booktitle = {{IEEE SP}},
 year = {2015},
 pages = {253--270}
} 

@inproceedings{Goldwasser_1985,
 author = {Goldwasser, S and Micali, S and Rackoff, C},
 title = {The Knowledge Complexity of Interactive Proof-systems},
 booktitle = {{STOC}},
 year = {1985},
 pages = {291--304}
} 

@inproceedings{snarksforC,
  author    = {Eli Ben{-}Sasson and
               Alessandro Chiesa and
               Daniel Genkin and
               Eran Tromer and
               Madars Virza},
  title     = {SNARKs for {C:} Verifying Program Executions Succinctly and in Zero
               Knowledge},
  booktitle = {{CRYPTO} Part {II}},
  pages     = {90--108},
 year      = {2013}
}

@inproceedings{snarksVNA,
  author    = {Eli Ben{-}Sasson and
               Alessandro Chiesa and
               Eran Tromer and
               Madars Virza},
  title     = {Succinct Non-Interactive Zero Knowledge for a von Neumann Architecture},
  booktitle = {{USENIX} Security},
  pages     = {781--796},
  year      = {2014}
}

@inproceedings{RecursiveSNARKS,
  author    = {Nir Bitansky and
               Ran Canetti and
               Alessandro Chiesa and
               Eran Tromer},
  title     = {Recursive composition and bootstrapping for {SNARKS} and proof-carrying
               data},
  booktitle = {{STOC}},
  pages     = {111--120},
  year      = {2013}
}

@inproceedings{ScalableZK,
  author    = {Eli Ben{-}Sasson and
               Alessandro Chiesa and
               Eran Tromer and
               Madars Virza},
  title     = {Scalable Zero Knowledge via Cycles of Elliptic Curves},
  booktitle = {{CRYPTO} Part {II}},
  pages     = {276--294}
}

@InProceedings{QSP_GGPR,
author="Gennaro Rosario
and Gentry Craig
and Parno Bryan
and Raykova Mariana",
title="Quadratic Span Programs and Succinct NIZKs without PCPs",
booktitle="EUROCRYPT ",
year={2013},
pages="626--645"
}

 
@inproceedings{aurora,
	author    = {Eli Ben{-}Sasson and
	Alessandro Chiesa and
	Michael Riabzev and
	Nicholas Spooner and
	Madars Virza and
	Nicholas P. Ward},
	title     = {Aurora: Transparent Succinct Arguments for {R1CS}},
	booktitle = {{EUROCRYPT} Part {I}},
	pages     = {103--128},
	year      = {2019}
}


@inproceedings{bulletproofs,
	author    = {Benedikt B{\"{u}}nz and
	Jonathan Bootle and
	Dan Boneh and
	Andrew Poelstra and
	Pieter Wuille and
	Gregory Maxwell},
	title     = {Bulletproofs: Short Proofs for Confidential Transactions and More},
	booktitle =  {{IEEE SP}},
	pages     = {315--334},
	year      = {2018}
}
	


@InProceedings{Groth16,
author="Groth, Jens",
title="On the Size of Pairing-Based Non-interactive Arguments",
booktitle="{EUROCRYPT}",
year="2016",
pages="305--326"
}


@misc{spartan,
    author = {Srinath Setty},
    title = {Spartan: Efficient and general-purpose zkSNARKs without trusted setup},
    howpublished = {Cryptology ePrint Archive, Report 2019/550},
    year = {2019},
    note = {\url{https://eprint.iacr.org/2019/550}},
}

@INPROCEEDINGS{hyrax, 
author={R. S. {Wahby} and I. {Tzialla} and A. {Shelat} and J. {Thaler} and M. {Walfish}}, 
booktitle={2018 IEEE Symposium on Security and Privacy (SP)}, 
title={Doubly-Efficient zkSNARKs Without Trusted Setup}, 
year={2018}, 
pages={926-943}
}


@inproceedings{IOPP_FRI2018,
  author    = {Eli Ben{-}Sasson and
               Iddo Bentov and
               Yinon Horesh and
               Michael Riabzev},
  title     = {Fast Reed-Solomon Interactive Oracle Proofs of Proximity},
  booktitle = {{ICALP}},
  pages     = {14:1--14:17},
  year      = {2018}
} 

@inproceedings{STARK2019,
	Author = {Ben-Sasson, Eli and Bentov, Iddo and Horesh, Yinon and Riabzev, Michael},
	Booktitle = {{CRYPTO}},
	Pages = {701--732},
	Title = {Scalable Zero Knowledge with No Trusted Setup},
	Year = {2019}
}


@inproceedings{Groth09b,
	Author = {Groth, Jens},
	Booktitle = {{CRYPTO 2009}},
	Pages = {192--208},
	Title = {Linear Algebra with Sub-linear Zero-Knowledge Arguments},
	Year = {2009}
}


@inproceedings{Lindell03,
	author    = {Boaz Barak and
	Yehuda Lindell},
	title     = {Strict polynomial-time in simulation and extraction},
	booktitle = {{STOC}},
	pages     = {484--493},
	year      = {2002}
}


@inproceedings{Groth11,
	author    = {Jens Groth},
	title     = {Efficient Zero-Knowledge Arguments from Two-Tiered Homomorphic Commitments},
	booktitle = {{ASIACRYPT}},
	pages     = {431--448},
	year      = {2011}
}


@inproceedings{BCS16,
	author    = {Eli Ben{-}Sasson and
	Alessandro Chiesa and
	Nicholas Spooner},
	title     = {Interactive Oracle Proofs},
	booktitle = {{TCC} 2016-B Part {II}},
	pages     = {31--60},
	year      = {2016}
}


@inproceedings{DDB94,
	author    = {Yvo Desmedt and
	Giovanni Di Crescenzo and
	Mike Burmester},
	title     = {Multiplicative Non-abelian Sharing Schemes and their Application to
	Threshold Cryptography},
	booktitle = {{ASIACRYPT}},
	pages     = {21--32},
	year      = {1994}
}

@inproceedings{King05,
	author    = {Brian King},
	title     = {An Efficient Implementation of a Threshold {RSA} Signature Scheme},
	booktitle = {{ACISP}},
	pages     = {382--393},
	year      = {2005}
}

@Inbook{Desmedt2011,
	author="Desmedt, Yvo",
	title="Threshold Cryptography",
	bookTitle="Encyclopedia of Cryptography and Security",
	year="2011",
	pages="1288--1293"
}


@inproceedings{InnerProductDLS,
  author    = {Jonathan Bootle and
               Andrea Cerulli and
               Pyrros Chaidos and
               Jens Groth and
               Christophe Petit},
  title     = {Efficient Zero-Knowledge Arguments for Arithmetic Circuits in the
               Discrete Log Setting},
  booktitle = {{EUROCRYPT} Part {II}},
  pages     = {327--357},
  year      = {2016}
}


@article{Canetti00,
	author    = {Ran Canetti},
	title     = {Security and Composition of Multiparty Cryptographic Protocols},
	journal   = {J. Cryptology},
	volume    = {13},
	number    = {1},
	pages     = {143--202},
	year      = {2000}
}


@incollection{Lindell17,
	author    = {Yehuda Lindell},
	title     = {How to Simulate It - {A} Tutorial on the Simulation Proof Technique},
	booktitle = {Tutorials on the Foundations of Cryptography},
	pages     = {277--346},
	year      = {2017}
}


@book{Goldreich2001,
	author    = {Oded Goldreich},
	title     = {The Foundations of Cryptography - Volume 1: Basic Techniques},
	publisher = {Cambridge University Press},
	year      = {2001},
	url       = {http://www.wisdom.weizmann.ac.il/\%7Eoded/foc-vol1.html},
	doi       = {10.1017/CBO9780511546891},
	isbn      = {0-521-79172-3},
	timestamp = {Mon, 29 Jul 2019 15:58:36 +0200},
	biburl    = {https://dblp.org/rec/books/cu/Goldreich2001.bib},
	bibsource = {dblp computer science bibliography, https://dblp.org}
}

@inproceedings{CohenL14,
	author    = {Ran Cohen and
	Yehuda Lindell},
	title     = {Fairness versus Guaranteed Output Delivery in Secure Multiparty Computation},
	booktitle = {{ASIACRYPT} Part {II}},
	pages     = {466--485},
	year      = {2014}
}

@inproceedings{KR08,
	author    = {Yael Tauman Kalai and
	Ran Raz},
	title     = {Interactive {PCP}},
	booktitle = {ICALP},
	pages     = {536--547},
	year      = {2008}
}

@inproceedings{KR09,
	author    = {Yael Tauman Kalai and
	Ran Raz},
	title     = {Probabilistically Checkable Arguments},
	booktitle = {{CRYPTO}},
	pages     = {143--159},
	year      = {2009}
}

@inproceedings{IshaiMS12,
  author    = {Yuval Ishai and
               Mohammad Mahmoody and
               Amit Sahai},
  title     = {On Efficient Zero-Knowledge PCPs},
  booktitle = {TCC},
  pages     = {151--168},
  year      = {2012},}


@inproceedings{IshaiW14,
  author    = {Yuval Ishai and
               Mor Weiss},
  title     = {Probabilistically Checkable Proofs of Proximity with Zero-Knowledge},
  booktitle = {{TCC}},
  volume    = {8349},
  pages     = {121--145},
  publisher = {Springer},
  year      = {2014},
}

@inproceedings{GIMS10,
	author    = {Vipul Goyal and
	Yuval Ishai and
	Mohammad Mahmoody and
	Amit Sahai},
	title     = {Interactive Locking, Zero-Knowledge PCPs, and Unconditional Cryptography},
	booktitle = {{CRYPTO}},
	pages     = {173--190},
	year      = {2010}
}



@inproceedings{DKLPSS13,
	author    = {Ivan Damg{\aa}rd and
	Marcel Keller and
	Enrique Larraia and
	Valerio Pastro and
	Peter Scholl and
	Nigel P. Smart},
	title     = {Practical Covertly Secure {MPC} for Dishonest Majority - Or: Breaking
	the {SPDZ} Limits},
	booktitle = {Computer Security - {ESORICS} 2013 - 18th European Symposium on Research
	in Computer Security, Egham, UK, September 9-13, 2013. Proceedings},
	pages     = {1--18},
	year      = {2013}
}

@article{marlin,
  author    = {Alessandro Chiesa and
               Yuncong Hu and
               Mary Maller and
               Pratyush Mishra and
               Noah Vesely and
               Nicholas P. Ward},
  title     = {Marlin: Preprocessing zkSNARKs with Universal and Updatable {SRS}},
  journal   = {{IACR} Cryptology ePrint Archive},
  volume    = {2019},
  pages     = {1047},
  year      = {2019}
}

@inproceedings{zokrates,
  author    = {Jacob Eberhardt and
               Stefan Tai},
  title     = {ZoKrates - Scalable Privacy-Preserving Off-Chain Computations},
  booktitle = {{IEEE} International Conference on Internet of Things (iThings)},
  pages     = {1084--1091},
  year      = {2018}
}

@inproceedings{KOS16,
	author    = {Marcel Keller and
		Emmanuela Orsini and
		Peter Scholl},
	title     = {{MASCOT:} Faster Malicious Arithmetic Secure Computation with Oblivious
		Transfer},
	booktitle = {{ACM CCS}},
	pages     = {830--842},
	year      = {2016}
}

@inproceedings{prio,
	title={Prio: Private, robust, and scalable computation of aggregate statistics},
	author={Corrigan-Gibbs, Henry and Boneh, Dan},
	booktitle={14th $\{$USENIX$\}$ Symposium on Networked Systems Design and Implementation ($\{$NSDI$\}$ 17)},
	pages={259--282},
	year={2017}
}

@inproceedings{bootle2020linear,
	title={Linear-Time Arguments with Sublinear Verification from Tensor Codes},
	author={Bootle, Jonathan and Chiesa, Alessandro and Groth, Jens},
	booktitle={Theory of Cryptography Conference},
	pages={19--46},
	year={2020},
	organization={Springer}
}

@article{bootle2020zero,
	title={Zero-Knowledge Succinct Arguments with a Linear-Time Prover},
	author={Bootle, Jonathan and Chiesa, Alessandro and Liu, Siqi},
	year={2020}
}

@inproceedings{ligero++,
	title={Ligero++: A New Optimized Sublinear IOP},
	author={Bhadauria, Rishabh and Fang, Zhiyong and Hazay, Carmit and Venkitasubramaniam, Muthuramakrishnan and Xie, Tiancheng and Zhang, Yupeng},
	booktitle={Proceedings of the 2020 ACM SIGSAC Conference on Computer and Communications Security},
	pages={2025--2038},
	year={2020}
}

@inproceedings{Virgo,
	title={Virgo: Zero Knowledge Proofs System without Trusted Setup},
	author={Jiaheng Zhang and Tiancheng Xie},
	year={2019}
}

@incollection{ben2019multi,
	title={Multi-prover interactive proofs: How to remove intractability assumptions},
	author={Ben-Or, Michael and Goldwasser, Shafi and Kilian, Joe and Wigderson, Avi},
	booktitle={Providing Sound Foundations for Cryptography: On the Work of Shafi Goldwasser and Silvio Micali},
	pages={373--410},
	year={2019}
}

@article{blumberg2014,
	title={Verifiable computation using multiple provers.},
	author={Blumberg, Andrew J and Thaler, Justin and Vu, Victor and Walfish, Michael},
	journal={IACR Cryptol. ePrint Arch.},
	volume={2014},
	pages={846},
	year={2014},
	publisher={Citeseer}
}

@inproceedings{MPCinthehead,
	title={Zero-knowledge from secure multiparty computation},
	author={Ishai, Yuval and Kushilevitz, Eyal and Ostrovsky, Rafail and Sahai, Amit},
	booktitle={Proceedings of the thirty-ninth annual ACM symposium on Theory of computing},
	pages={21--30},
	year={2007}
}

@inproceedings{druk2014linear,
	title={Linear-time encodable codes meeting the gilbert-varshamov bound and their cryptographic applications},
	author={Druk, Erez and Ishai, Yuval},
	booktitle={Proceedings of the 5th conference on Innovations in theoretical computer science},
	pages={169--182},
	year={2014}
}

@inproceedings{hubavcek2018efficiency,
	title={An efficiency-preserving transformation from honest-verifier statistical zero-knowledge to statistical zero-knowledge},
	author={Hub{\'a}{\v{c}}ek, Pavel and Rosen, Alon and Vald, Margarita},
	booktitle={Annual International Conference on the Theory and Applications of Cryptographic Techniques},
	pages={66--87},
	year={2018},
	organization={Springer}
}